<?xml version="1.0" encoding="UTF-8"?><record xmlns="http://www.loc.gov/MARC21/slim" xmlns:cinclude="http://apache.org/cocoon/include/1.0" xmlns:zs="http://www.loc.gov/zing/srw/">
  <leader>00286nz  a2200121n  4500</leader>
  <controlfield tag="001">no 92020219 </controlfield>
  <controlfield tag="003">DLC</controlfield>
  <controlfield tag="005">19920822134532.3</controlfield>
  <controlfield tag="008">920818n| acannaab|          |n aaa     c</controlfield>
  <datafield tag="010" ind1=" " ind2=" ">
    <subfield code="a">no 92020219 </subfield>
  </datafield>
  <datafield tag="040" ind1=" " ind2=" ">
    <subfield code="a">IEN</subfield>
    <subfield code="c">IEN</subfield>
  </datafield>
  <datafield tag="100" ind1="1" ind2="0">
    <subfield code="a">Urson, Meryl</subfield>
  </datafield>
  <datafield tag="670" ind1=" " ind2=" ">
    <subfield code="a">Her Loaded, 1991:</subfield>
    <subfield code="b">t.p. (Meryl Urson)</subfield>
  </datafield>
</record>